<?xml version="1.0" encoding="UTF-8"?>
<collection xmlns:xsi="http://www.w3.org/2001/XMLSchema-instance" xsi:schemaLocation="http://www.loc.gov/MARC21/slim http://www.loc.gov/standards/marcxml/schema/MARC21slim.xsd" xmlns="http://www.loc.gov/MARC21/slim">
<record>
  <leader>01004cam a2200241   4500</leader>
  <controlfield tag="001">2980669</controlfield>
  <controlfield tag="003">NNC</controlfield>
  <controlfield tag="005">20150817132351.0</controlfield>
  <controlfield tag="008">901212s1966    iq       b    000 0 arar </controlfield>
  <datafield tag="010" ind1=" " ind2=" ">
    <subfield code="a">ne 67000058 </subfield>
  </datafield>
  <datafield tag="035" ind1=" " ind2=" ">
    <subfield code="a">(OCoLC)ocm22840069</subfield>
  </datafield>
  <datafield tag="035" ind1=" " ind2=" ">
    <subfield code="9">ASM7779CU</subfield>
  </datafield>
  <datafield tag="035" ind1=" " ind2=" ">
    <subfield code="a">(NNC)2980669</subfield>
  </datafield>
  <datafield tag="040" ind1=" " ind2=" ">
    <subfield code="a">DLC</subfield>
    <subfield code="c">WAU</subfield>
    <subfield code="d">WAU</subfield>
    <subfield code="d">ZCU</subfield>
  </datafield>
  <datafield tag="050" ind1="0" ind2=" ">
    <subfield code="a">PJ7750.K48</subfield>
    <subfield code="b">A6 1966</subfield>
  </datafield>
  <datafield tag="100" ind1="1" ind2=" ">
    <subfield code="a">Khaṭīb al-Baghdādī, Abū Bakr Aḥmad ibn ʻAlī,</subfield>
    <subfield code="d">1002-1071.</subfield>
  </datafield>
  <datafield tag="245" ind1="1" ind2="3">
    <subfield code="a">al-Taṭfīl wa-ḥikāyāt al-Ṭufaylīyīn wa-akhbāruhum wa-nawādir kalāmihim wa-ashʻārihim /</subfield>
    <subfield code="c">li-Abī Bakr Aḥmad ibn ʻAlī ibn Thābit al-Khaṭīb al-Baghdādī. Qaddama lahu wa-ʻallaqa ʻalayhi Kāẓim al-Muẓaffar.</subfield>
  </datafield>
  <datafield tag="260" ind1=" " ind2=" ">
    <subfield code="a">al-Najaf,</subfield>
    <subfield code="b">al-Maktabah al-Ḥaydarīyah,</subfield>
    <subfield code="c">1966.</subfield>
  </datafield>
  <datafield tag="300" ind1=" " ind2=" ">
    <subfield code="a">12, 176 p.</subfield>
    <subfield code="c">25 cm.</subfield>
  </datafield>
  <datafield tag="500" ind1=" " ind2=" ">
    <subfield code="a">Cover title: al-Tatfil, by al-Imam Abi Bekr Ahmad bin Ali bin Thabit al-Khatib al-Bagdadi.</subfield>
  </datafield>
  <datafield tag="504" ind1=" " ind2=" ">
    <subfield code="a">Bibliography: p. 171-173.</subfield>
  </datafield>
  <datafield tag="700" ind1="1" ind2=" ">
    <subfield code="a">Muẓaffar, Kāẓim.</subfield>
  </datafield>
  <datafield tag="955" ind1=" " ind2=" ">
    <subfield code="b">0036761346</subfield>
    <subfield code="d">glx</subfield>
    <subfield code="e">PJ7750.K48 A6 1966</subfield>
  </datafield>
</record>
</collection>